<record><leader>00000cas a22000007a 4500</leader><controlfield tag="001">18096994</controlfield><controlfield tag="008">880616d18831883nyuwr ne      0    0eng d</controlfield><datafield ind1=" " ind2=" " tag="010"><subfield code="a">sn 88074507 </subfield></datafield><datafield ind1=" " ind2=" " tag="040"><subfield code="a">NYS</subfield><subfield code="b">eng</subfield><subfield code="c">NYS</subfield><subfield code="d">OCLCQ</subfield></datafield><datafield ind1=" " ind2=" " tag="042"><subfield code="a">msc</subfield></datafield><datafield ind1="0" ind2=" " tag="130"><subfield code="a">Enterprise (Shortsville, N.Y.)</subfield></datafield><datafield ind1="1" ind2="4" tag="245"><subfield code="a">The enterprise.</subfield></datafield><datafield ind1="1" ind2="3" tag="246"><subfield code="a">Shortsville enterprise</subfield></datafield><datafield ind1=" " ind2=" " tag="260"><subfield code="a">Shortsville [N.Y.] :</subfield><subfield code="b">John Melvin,</subfield><subfield code="c">1883-1883.</subfield></datafield><datafield ind1=" " ind2=" " tag="300"><subfield code="a">v.</subfield></datafield><datafield ind1=" " ind2=" " tag="310"><subfield code="a">Weekly</subfield></datafield><datafield ind1="0" ind2=" " tag="362"><subfield code="a">Vol. 1, no. 1 (Feb. 3, 1883)-v. 1, no. 21 (June 23, 1883).</subfield></datafield><datafield ind1=" " ind2="4" tag="651"><subfield code="a">Shortsville (N.Y.)</subfield><subfield code="v">Newspapers.</subfield></datafield><datafield ind1=" " ind2=" " tag="752"><subfield code="a">United States</subfield><subfield code="b">New York</subfield><subfield code="c">Ontario</subfield><subfield code="d">Shortsville.</subfield></datafield><datafield ind1="0" ind2="0" tag="785"><subfield code="t">Shortsville enterprise</subfield><subfield code="w">(DLC)sn 85042883</subfield></datafield><datafield ind1="1" ind2=" " tag="029"><subfield code="a">AU@</subfield><subfield code="b">000020525655</subfield></datafield></record>